<?xml version="1.0" encoding="UTF-8"?><collection xmlns="http://www.loc.gov/MARC21/slim"><record><leader>00463nam--2200133-i-4500</leader><controlfield tag="001">000022525</controlfield><controlfield tag="002">20161230</controlfield><controlfield tag="005">20161230201034</controlfield><controlfield tag="008">060222s1000------------r-----000-0-eng-d</controlfield><datafield ind1=" " ind2=" " tag="080"><subfield code="a">539.12.01:015</subfield></datafield><datafield ind1=" " ind2=" " tag="100"><subfield code="a">Giffon, Maurice</subfield></datafield><datafield ind1=" " ind2=" " tag="245"><subfield code="a">Sur l`analycite de la matrice s par rapport a la variable moment angulaire et l`existence de la representation de mandelstam pour des potentiels singuliers.these</subfield></datafield><datafield ind1=" " ind2=" " tag="260"><subfield code="a">Lyon,Faculte Des Science, 1964. 53p</subfield></datafield><datafield ind1=" " ind2=" " tag="852"><subfield code="a">18167</subfield></datafield></record></collection>